@misc{ajenti, title={Ajenti Core}, url={http://ajenti.org/core/}, journal={ajenti}, publisher={Ajenti Project}}

@misc{LDAP, title={What is LDAP}, url={https://searchmobilecomputing.techtarget.com/definition/LDAP}, journal={LDAP}, publisher={TechTarget}
}

@misc{SAML, title={Overview of SAML}, url={https://developers.onelogin.com/saml}, journal={SAML}, publisher={OneLogin}
}

@misc{NST, title={Network Security Toolkit (NST 28)}, url={http://www.networksecuritytoolkit.org/nst/index.html}, journal={NST}, publisher={networksecuritytoolkit.org}
}

@misc{MySQL, title={MySQL}, url={https://en.wikipedia.org/wiki/MySQL}, journal={MySQL}, publisher={Wikipedia Foundation}
}

@misc{PostgreSQL, title={About}, url={https://www.postgresql.org/about/}, journal={PostgreSQL}, publisher={PostgreSQL Global Development Group}
}

@misc{MongoDB, title={MongoDB}, url={https://www.mongodb.com/}, journal={MongoDB}, publisher={MongoDB, Inc.}
}

@misc{Bootstrap, title={Bootstrap}, url={https://getbootstrap.com/}, journal={Bootstrap}, publisher={Bootstrap}
}

@misc{jqui, title={jQueryUI}, url={https://en.wikipedia.org/wiki/JQuery_UI}, journal={jQueryUI}, publisher={Wikipedia Foundation}
}
